<record><leader>00000cas a2200000 a 4500</leader><controlfield tag="001">9518473</controlfield><controlfield tag="008">830517d17951796nyuir ne      0    0fre c</controlfield><datafield ind1=" " ind2=" " tag="010"><subfield code="a">sn 83030498 </subfield></datafield><datafield ind1=" " ind2=" " tag="040"><subfield code="a">NPU</subfield><subfield code="b">eng</subfield><subfield code="c">NPU</subfield><subfield code="d">NPX</subfield><subfield code="d">NPU</subfield><subfield code="d">NPX</subfield><subfield code="d">IUL</subfield><subfield code="d">KNP</subfield><subfield code="d">YOX</subfield><subfield code="d">KNP</subfield><subfield code="d">NST</subfield><subfield code="d">DLC</subfield><subfield code="d">NVK</subfield><subfield code="d">DLC</subfield><subfield code="d">OBN</subfield><subfield code="d">OCL</subfield><subfield code="d">CVF</subfield><subfield code="d">NYS</subfield><subfield code="d">BUF</subfield><subfield code="d">KRTAS</subfield><subfield code="d">OCLCQ</subfield><subfield code="d">OCLCF</subfield><subfield code="d">OCLCO</subfield><subfield code="d">OCL</subfield><subfield code="d">OCLCO</subfield><subfield code="d">OCLCQ</subfield></datafield><datafield ind1="0" ind2=" " tag="041"><subfield code="a">fre</subfield><subfield code="a">eng</subfield></datafield><datafield ind1=" " ind2=" " tag="042"><subfield code="a">pcc</subfield></datafield><datafield ind1=" " ind2=" " tag="043"><subfield code="a">n-us-ny</subfield></datafield><datafield ind1="0" ind2="0" tag="050"><subfield code="a">Newspaper</subfield></datafield><datafield ind1="1" ind2="4" tag="050"><subfield code="a">AN256</subfield><subfield code="b">.G34</subfield></datafield><datafield ind1="0" ind2="0" tag="245"><subfield code="a">Gazette franc&#807;aise et ame&#769;ricaine =</subfield><subfield code="b">French &amp; American gazette.</subfield></datafield><datafield ind1="3" ind2="1" tag="246"><subfield code="a">French &amp; American gazette</subfield></datafield><datafield ind1=" " ind2=" " tag="260"><subfield code="a">New-York :</subfield><subfield code="b">J. Delafond,</subfield><subfield code="c">1795-1796.</subfield></datafield><datafield ind1=" " ind2=" " tag="300"><subfield code="a">volumes ;</subfield><subfield code="c">44 cm</subfield></datafield><datafield ind1=" " ind2=" " tag="310"><subfield code="a">Triweekly</subfield></datafield><datafield ind1=" " ind2=" " tag="336"><subfield code="a">text</subfield><subfield code="b">txt</subfield><subfield code="2">rdacontent</subfield></datafield><datafield ind1=" " ind2=" " tag="337"><subfield code="a">unmediated</subfield><subfield code="b">n</subfield><subfield code="2">rdamedia</subfield></datafield><datafield ind1=" " ind2=" " tag="338"><subfield code="a">volume</subfield><subfield code="b">nc</subfield><subfield code="2">rdacarrier</subfield></datafield><datafield ind1="0" ind2=" " tag="362"><subfield code="a">No. 1 (July 6, 1795)-no. 104 (Mar. 2, 1796).</subfield></datafield><datafield ind1=" " ind2=" " tag="515"><subfield code="a">Issue for Mar. 3, 1796 misdated Mar. 2, 1796.</subfield></datafield><datafield ind1=" " ind2=" " tag="530"><subfield code="a">Available on microfilm from Readex Microprint Corp.</subfield></datafield><datafield ind1=" " ind2=" " tag="546"><subfield code="a">In French and English.</subfield></datafield><datafield ind1=" " ind2="0" tag="650"><subfield code="a">French newspapers</subfield><subfield code="z">New York (State)</subfield></datafield><datafield ind1=" " ind2="0" tag="650"><subfield code="a">French Americans</subfield><subfield code="v">Newspapers.</subfield></datafield><datafield ind1=" " ind2="0" tag="651"><subfield code="a">New York (N.Y.)</subfield><subfield code="v">Newspapers.</subfield></datafield><datafield ind1=" " ind2="0" tag="651"><subfield code="a">New York County (N.Y.)</subfield><subfield code="v">Newspapers.</subfield></datafield><datafield ind1=" " ind2="7" tag="650"><subfield code="a">French newspapers.</subfield><subfield code="2">fast</subfield><subfield code="0">(OCoLC)fst00934758</subfield></datafield><datafield ind1=" " ind2="7" tag="650"><subfield code="a">French Americans.</subfield><subfield code="2">fast</subfield><subfield code="0">(OCoLC)fst00934236</subfield></datafield><datafield ind1=" " ind2="7" tag="651"><subfield code="a">New York (State)</subfield><subfield code="2">fast</subfield><subfield code="0">(OCoLC)fst01210280</subfield></datafield><datafield ind1=" " ind2="7" tag="651"><subfield code="a">New York (State)</subfield><subfield code="z">New York.</subfield><subfield code="2">fast</subfield><subfield code="0">(OCoLC)fst01204333</subfield></datafield><datafield ind1=" " ind2="7" tag="651"><subfield code="a">New York (State)</subfield><subfield code="z">New York County.</subfield><subfield code="2">fast</subfield><subfield code="0">(OCoLC)fst01234953</subfield></datafield><datafield ind1=" " ind2="7" tag="655"><subfield code="a">Newspapers.</subfield><subfield code="2">fast</subfield><subfield code="0">(OCoLC)fst01423814</subfield></datafield><datafield ind1=" " ind2=" " tag="752"><subfield code="a">United States</subfield><subfield code="b">New York</subfield><subfield code="c">New York</subfield><subfield code="d">New York.</subfield></datafield><datafield ind1="0" ind2="0" tag="785"><subfield code="t">Gazette franc&#807;aise (New-York, N.Y.)</subfield><subfield code="w">(DLC)sn 83030538</subfield><subfield code="w">(OCoLC)9522130</subfield></datafield><datafield ind1=" " ind2=" " tag="938"><subfield code="a">Kirtas Technologies, Inc.</subfield><subfield code="b">KRTS</subfield><subfield code="n">736679</subfield></datafield></record>